

@misc{nyc2019,
  title        = {Overlooked no more: Alan Turing, 
                  condemned Code Breaker and computer visionary},
  howpublished = {https://www.nytimes.com/2019/06/05/obituaries/alan-turing-overlooked.html},
  journal      = {The New York Times},
  publisher    = {The New York Times},
  year         = {2019},
  month        = {Jun}
} 

@misc{famous_math,
  title        = {Biography: Famous mathematicians, Alan Turing Facts},
  howpublished = {https://famous-mathematicians.org/alan-turing/},
  journal      = {Famous Mathematicians |},
  year         = {2014},
  month        = {Jan}
} 

@misc{copeland_2022,
  title        = {Alan Turing},
  howpublished = {https://www.britannica.com/biography/Alan-Turing},
  journal      = {Encyclopedia Britannica},
  publisher    = {Encyclopedia Britannica, inc.},
  author       = {Copeland, B.J},
  year         = {2022},
  month        = {Aug}
} 