 @misc{anonymous_2017,
  title        = {Traveling with a quantum salesman},
  howpublished = {https://physics.aps.org/articles/v10/s32},
  journal      = {Physics},
  publisher    = {American Physical Society},
  author       = {Anonymous},
  year         = {2017},
  month        = {Mar}
} 

 @misc{geeks,
  title        = {Travelling salesman problem using Dynamic Programming},
  howpublished = {https://www.geeksforgeeks.org/travelling-salesman-problem-using-dynamic-programming/},
  journal      = {GeeksforGeeks},
  year         = {2022},
  month        = {Nov}
} 

 @misc{tripathy_2020,
  title        = {Travelling salesman problem},
  howpublished = {https://iq.opengenus.org/travelling-salesman-problem-brute-force/},
  journal      = {OpenGenus IQ: Computing Expertise &amp; Legacy},
  publisher    = {OpenGenus IQ: Computing Expertise &amp; Legacy},
  author       = {Tripathy, Abhijit},
  year         = {2020},
  month        = {Sep}
} 